<record><leader>00000cas a2200000 a 4500</leader><controlfield tag="001">58796678</controlfield><controlfield tag="007">hd afb016bacp</controlfield><controlfield tag="007">hd bfb016baap</controlfield><controlfield tag="007">hd bfb016babp</controlfield><controlfield tag="008">050404d18771879pauwr nea     0    0eng c</controlfield><datafield ind1=" " ind2=" " tag="010"><subfield code="a">  2005221236</subfield></datafield><datafield ind1=" " ind2=" " tag="040"><subfield code="a">ATL</subfield><subfield code="b">eng</subfield><subfield code="c">ATL</subfield><subfield code="d">OCL</subfield><subfield code="d">ATL</subfield><subfield code="d">OCLCQ</subfield><subfield code="d">OCLCF</subfield><subfield code="d">OCLCO</subfield><subfield code="d">OCLCQ</subfield></datafield><datafield ind1=" " ind2=" " tag="042"><subfield code="a">pcc</subfield></datafield><datafield ind1="1" ind2="4" tag="050"><subfield code="a">BX7801</subfield></datafield><datafield ind1="0" ind2="4" tag="245"><subfield code="a">The Primitive Christian and the pilgrim.</subfield></datafield><datafield ind1="1" ind2="7" tag="246"><subfield code="a">Primitive Christian</subfield><subfield code="f">1877-Feb. 26, 1878</subfield></datafield><datafield ind1="1" ind2="7" tag="246"><subfield code="a">Primitive Christian and pilgrim</subfield><subfield code="f">Mar. 5, 1878-1879</subfield></datafield><datafield ind1=" " ind2=" " tag="260"><subfield code="a">Huntingdon, Pa. :</subfield><subfield code="b">Quinter &amp; Brumbaugh Bros.,</subfield><subfield code="c">1877-1879.</subfield></datafield><datafield ind1=" " ind2=" " tag="300"><subfield code="a">3 volumes ;</subfield><subfield code="c">32 cm</subfield></datafield><datafield ind1=" " ind2=" " tag="310"><subfield code="a">Weekly</subfield></datafield><datafield ind1=" " ind2=" " tag="336"><subfield code="a">text</subfield><subfield code="b">txt</subfield><subfield code="2">rdacontent</subfield></datafield><datafield ind1=" " ind2=" " tag="337"><subfield code="a">microform</subfield><subfield code="b">h</subfield><subfield code="2">rdamedia</subfield></datafield><datafield ind1=" " ind2=" " tag="338"><subfield code="a">microfilm reel</subfield><subfield code="b">hd</subfield><subfield code="2">rdacarrier</subfield></datafield><datafield ind1="0" ind2=" " tag="362"><subfield code="a">Vol. 1, no. 1 (Jan. 2, 1877)-v. 17, no. 49 (Dec. 16, 1879).</subfield></datafield><datafield ind1=" " ind2=" " tag="500"><subfield code="a">Title from caption.</subfield></datafield><datafield ind1=" " ind2=" " tag="515"><subfield code="a">Issues for 1877-1878 called v. 1-2; for 1879 called v. 17.</subfield></datafield><datafield ind1=" " ind2=" " tag="525"><subfield code="a">Includes supplement: Reporter.</subfield></datafield><datafield ind1=" " ind2=" " tag="580"><subfield code="a">Formed by the union of: Primitive Christian (Meyersdale, Pa.), and: Pilgrim (Huntingdon, Pa.).</subfield></datafield><datafield ind1=" " ind2=" " tag="533"><subfield code="a">Microfilm.</subfield><subfield code="m">v.1-2 (1877-1878);v.17(1879)</subfield><subfield code="b">Chicago, Ill. :</subfield><subfield code="c">American Theological Library Association,</subfield><subfield code="d">2005.</subfield><subfield code="e">3 microfilm reels ; 35 mm.</subfield><subfield code="f">(ATLA serials preservation program ; ATLA film S1069).</subfield></datafield><datafield ind1="2" ind2="0" tag="610"><subfield code="a">German Baptist Brethren (U.S.)</subfield><subfield code="v">Periodicals.</subfield></datafield><datafield ind1=" " ind2="0" tag="650"><subfield code="a">Christianity</subfield><subfield code="v">Periodicals.</subfield></datafield><datafield ind1="2" ind2="7" tag="610"><subfield code="a">German Baptist Brethren (U.S.)</subfield><subfield code="2">fast</subfield><subfield code="0">(OCoLC)fst00655463</subfield></datafield><datafield ind1=" " ind2="7" tag="650"><subfield code="a">Christianity.</subfield><subfield code="2">fast</subfield><subfield code="0">(OCoLC)fst00859599</subfield></datafield><datafield ind1=" " ind2="7" tag="655"><subfield code="a">Periodicals.</subfield><subfield code="2">fast</subfield><subfield code="0">(OCoLC)fst01411641</subfield></datafield><datafield ind1="0" ind2="2" tag="740"><subfield code="a">Reporter.</subfield></datafield><datafield ind1=" " ind2=" " tag="752"><subfield code="a">United States</subfield><subfield code="b">Pennsylvania</subfield><subfield code="c">Huntingdon</subfield><subfield code="d">Huntingdon.</subfield></datafield><datafield ind1="1" ind2=" " tag="776"><subfield code="c">Original</subfield><subfield code="w">(DLC)sn 86081976</subfield><subfield code="w">(OCoLC)14711937</subfield></datafield><datafield ind1="1" ind2="4" tag="780"><subfield code="t">Primitive Christian (Meyersdale, Pa.)</subfield><subfield code="w">(DLC)  2005221235</subfield><subfield code="w">(OCoLC)58796518</subfield></datafield><datafield ind1="1" ind2="4" tag="780"><subfield code="t">Pilgrim (Huntingdon, Pa.)</subfield><subfield code="w">(DLC)  2005221234</subfield><subfield code="w">(OCoLC)58796336</subfield></datafield><datafield ind1="0" ind2="0" tag="785"><subfield code="t">Primitive Christian (Huntingdon, Pa. : 1880)</subfield><subfield code="w">(DLC)  2005221237</subfield><subfield code="w">(OCoLC)58796837</subfield></datafield><datafield ind1=" " ind2="0" tag="830"><subfield code="a">ATLA serials preservation program ;</subfield><subfield code="v">ATLA film S1069.</subfield></datafield><datafield ind1="1" ind2=" " tag="029"><subfield code="a">AU@</subfield><subfield code="b">000026867965</subfield></datafield></record>